@article{Stocks1999,
    title = {{Respiratory physiology during early life.}},
    year = {1999},
    journal = {Monaldi archives for chest disease = Archivio Monaldi per le malattie del torace  / Fondazione clinica del lavoro, IRCCS [and] Istituto di clinica tisiologica e malattie apparato respiratorio, Universita di Napoli, Secondo ateneo},
    author = {Stocks, J},
    number = {4},
    pages = {358--364},
    volume = {54},
    isbn = {1122-0643 (Print){\textbackslash}r1122-0643 (Linking)},
    issn = {1122-0643 (Print)},
    pmid = {10546482},
    keywords = {Child, Preschool, Humans, Infant, Lung, Respiration, Respiratory Function Tests, Smoking, embryology, growth {\&} development, physiology, physiopathology}
}

@article{Tearney1997,
    title = {{In vivo endoscopic optical biopsy with optical coherence tomography.}},
    year = {1997},
    journal = {Science (New York, N.Y.)},
    author = {Tearney, G J and Brezinski, M E and Bouma, B E and Boppart, S a and Pitris, C and Southern, J F and Fujimoto, J G},
    number = {5321},
    pages = {2037--2039},
    volume = {276},
    url = {http://www.ncbi.nlm.nih.gov/sites/entrez?Db=pubmed&DbFrom=pubmed&Cmd=Link&LinkName=pubmed_pubmed&LinkReadableName=Related Articles&IdsFromResult=9197265&ordinalpos=3&itool=EntrezSystem2.PEntrez.Pubmed.Pubmed_ResultsPanel.Pubmed_RVDocSum\nhttp://www.ncbi.n},
    keywords = {Anatomy, Cross-Sectional, Animals, Biopsy, Catheterization, Endoscopes, Epithelium, Esophagoscopes, Esophagus, Fiber Optic Technology, Interferometry, Lasers, Mucous Membrane, Rabbits, Scattering, Radiation, Tomography, Trachea}
}

@article{Wijesundara2014,
    title = {{Quantitative upper airway endoscopy with swept-source anatomical optical coherence tomography}},
    year = {2014},
    journal = {Biomedical Optics Express},
    author = {Wijesundara, Kushal and Zdanski, Carlton and Kimbell, Julia and Price, Hillel and Iftimia, Nicusor and Oldenburg, Amy L.},
    number = {3},
    pages = {788--799},
    volume = {5},
    url = {http://www.opticsinfobase.org/boe/abstract.cfm?URI=boe-5-3-788}
}

@article{Myer1994,
    title = {{Proposed grading system for subglottic stenosis based on endotracheal tube sizes}},
    year = {1994},
    journal = {Annals of Otology, Rhinology and Laryngology},
    author = {Myer, C. M. and O'Connor, D. M. and Cotton, R. T.},
    number = {4 I},
    pages = {319--323},
    volume = {103},
    keywords = {airway obstruction, endotracheal tube, glottis, laryngeal stenosis, subglottic stenosis}
}

@article{Bouma1995,
    title = {{High-resolution optical coherence tomographic imaging using a mode-locked Ti:Al(2)O(3) laser source}},
    year = {1995},
    journal = {Optics letters},
    author = {Bouma, B and Tearney, G J and Boppart, S a and Hee, M R and Brezinski, M E and Fujimoto, J G},
    number = {13},
    pages = {1486--1488},
    volume = {20},
    isbn = {0146-9592; 0146-9592},
    doi = {10.1364/OL.20.001486},
    issn = {0146-9592},
    pmid = {19862057}
}

@article{Schmitt1998,
    title = {{OCT elastography: imaging microscopic deformation and strain of tissue.}},
    shorttitle = {OCT elastography},
    year = {1998},
    journal = {Optics express},
    author = {Schmitt, J},
    number = {6},
    pages = {199--211},
    volume = {3},
    url = {http://www.osapublishing.org/oe/fulltext.cfm?uri=oe-3-6-199}
}

@article{McLaughlin2008,
    title = {{Applying anatomical optical coherence tomography to quantitative 3D imaging of the lower airway.}},
    year = {2008},
    journal = {Optics express},
    author = {McLaughlin, Robert A and Williamson, Jonathan P and Phillips, Martin J and Armstrong, Julian J and Becker, Sven and Hillman, David R and Eastwood, Peter R and Sampson, David D},
    number = {22},
    pages = {17521--17529},
    volume = {16}
}

@article{Pitris1998,
    title = {{High resolution imaging of the upper respiratory tract with optical coherence tomography: A feasibility study}},
    year = {1998},
    journal = {American Journal of Respiratory and Critical Care Medicine},
    author = {Pitris, C. and Brezinski, M. E. and Bouma, B. E. and Tearney, G. J. and Southern, J. F. and Fujimoto, J. G.},
    number = {5 I},
    pages = {1640--1644},
    volume = {157}
}

@misc{Kennedy2014,
    title = {{A review of optical coherence elastography: Fundamentals, techniques and prospects}},
    year = {2014},
    booktitle = {IEEE Journal on Selected Topics in Quantum Electronics},
    author = {Kennedy, Brendan Francis and Kennedy, Kelsey Marie and Sampson, David Douglas},
    number = {2},
    volume = {20},
    keywords = {Tissue mechanics, elastography, mechanical properties, optical coherence elastography, optical coherence tomography}
}

@article{Mooney1940,
    title = {{A theory of large elastic deformation}},
    year = {1940},
    journal = {Journal of Applied Physics},
    author = {Mooney, M.},
    number = {9},
    pages = {582--592},
    volume = {11}
}

@article{Brezinski1996,
    title = {{Optical coherence tomography for optical biopsy. Properties and demonstration of vascular pathology}},
    year = {1996},
    journal = {Circulation},
    author = {Brezinski, M E and Tearney, G J and Bouma, B E and Izatt, J a and Hee, M R and Swanson, E a and Southern, J F and Fujimoto, J G},
    number = {6},
    pages = {1206--1213},
    volume = {93}
}

@article{Armstrong2006,
    title = {{Quantitative upper airway imaging with anatomic optical coherence tomography}},
    year = {2006},
    journal = {American Journal of Respiratory and Critical Care Medicine},
    author = {Armstrong, Julian J. and Leigh, Matthew S. and Sampson, David D. and Walsh, Jennifer H. and Hillman, David R. and Eastwood, Peter R.},
    number = {2},
    pages = {226--233},
    volume = {173},
    keywords = {Optical coherence tomography, Sleep apnea, Upper airway anatomy}
}

@article{Lowe1995,
    title = {{Cephalometric and computed tomographic predictors of obstructive sleep apnea severity}},
    year = {1995},
    journal = {American Journal of Orthodontics and Dentofacial Orthopedics},
    author = {Lowe, Alan A. and Fleetham, John A. and Adachi, Satoshi and Ryan, C. Francis},
    number = {6},
    pages = {589--595},
    volume = {107}
}

@article{Reisch1999,
    title = {{Early detection of upper airway obstructions by analysis of acoustical respiratory input impedance.}},
    year = {1999},
    journal = {Biological cybernetics},
    author = {Reisch, S and Steltner, H and Timmer, J and Renotte, C and Guttmann, J},
    number = {1},
    pages = {25--37},
    volume = {81},
    url = {http://www.ncbi.nlm.nih.gov/pubmed/10434389},
    keywords = {Humans, Models, Biological, Pharynx, Pharynx: anatomy {\&} histology, Pharynx: physiopathology, Respiratory Function Tests, Respiratory Function Tests: methods, Sleep Apnea Syndromes, Sleep Apnea Syndromes: physiopathology}
}

@article{Bilston2014,
    title = {{Biomechanical properties of the human upper airway and their effect on its behavior during breathing and in obstructive sleep apnea}},
    year = {2014},
    journal = {Journal of applied physiology (Bethesda, Md. : 1985)},
    author = {Bilston, Lynne E and Gandevia, Simon C},
    number = {3},
    pages = {314--24},
    volume = {116},
    url = {http://jap.physiology.org/content/116/3/314},
    doi = {10.1152/japplphysiol.00539.2013},
    issn = {1522-1601},
    pmid = {23823151}
}

@article{Tsuboi2005,
    title = {{Optical coherence tomography in the diagnosis of bronchial lesions}},
    year = {2005},
    journal = {Lung Cancer},
    author = {Tsuboi, Masahiro and Hayashi, Aeru and Ikeda, Norihiko and Honda, Hidetoshi and Kato, Yasufumi and Ichinose, Shuji and Kato, Harubumi},
    number = {3},
    pages = {387--394},
    volume = {49},
    keywords = {Bronchoscopy, Central type early stage lung cancer, Endobronchial ultrasonography, Lung cancer, Optical biopsy, Optical coherence tomography}
}

@article{Walsh2008,
    title = {{Effect of body posture on pharyngeal shape and size in adults with and without obstructive sleep apnea.}},
    year = {2008},
    journal = {Sleep},
    author = {Walsh, Jennifer H and Leigh, Matthew S and Paduch, Alexandre and Maddison, Kathleen J and Armstrong, Julian J and Sampson, David D and Hillman, David R and Eastwood, Peter R},
    number = {11},
    pages = {1543--9},
    volume = {31},
    url = {http://www.ncbi.nlm.nih.gov/pubmed/19014074},
    keywords = {Anthropometry, Body Mass Index, Cross-Sectional Studies, Humans, Male, Middle Aged, Oropharynx, Oropharynx: anatomy {\&} histology, Oropharynx: physiopathology, Palate, Soft, Palate, Soft: anatomy {\&} histology, Palate, Soft: physiopathology, Pharynx, Pharynx: anatomy {\&} histology, Pharynx: physiopathology, Polysomnography, Posture, Severity of Illness Index, Sleep Apnea, Obstructive, Sleep Apnea, Obstructive: diagnosis, Sleep Apnea, Obstructive: physiopathology}
}

@article{Huang1991,
    title = {{Optical Coherence Tomography}},
    year = {1991},
    journal = {Science},
    author = {Huang, D and Swanson, E A and Lin, C P and Schuman, J S and Stinson, W G and Chang, W and Hee, M R and Flotte, T and Gregory, K and Puliafito, C A and Fujimoto, J G},
    number = {5035},
    pages = {1178--1181},
    volume = {254},
    url = {<Go to ISI>://WOS:A1991GQ83400038\nhttp://www.sciencemag.org/content/254/5035/1178.full.pdf},
    keywords = {glaucoma, head, microscope, nerve-fiber layer, reflectance, system, thickness}
}

@article{Guilleminault1977,
    title = {{Sleep apnea syndrome due to upper airway obstruction: a review of 25 cases.}},
    year = {1977},
    journal = {Archives of internal medicine},
    author = {Guilleminault, C and Eldridge, F L and Tilkian, a and Simmons, F B and Dement, W C},
    pages = {296--300},
    volume = {137}
}

@misc{Pfleger2013,
    title = {{Management of acute severe upper airway obstruction in children}},
    year = {2013},
    booktitle = {Paediatric Respiratory Reviews},
    author = {Pfleger, Andreas and Eber, Ernst},
    number = {2},
    pages = {70--77},
    volume = {14},
    keywords = {Acquired, Assessment of severity, Children, Congenital, Emergency, Infants, Management, Upper airway obstruction}
}

@article{Williamson2010,
    title = {{Measuring airway dimensions during bronchoscopy using anatomical optical coherence tomography}},
    year = {2010},
    journal = {European Respiratory Journal},
    author = {Williamson, J. P. and Armstrong, J. J. and McLaughlin, R. A. and Noble, P. B. and West, A. R. and Becker, S. and Curatolo, A. and Noffsinger, W. J. and Mitchell, H. W. and Phillips, M. J. and Sampson, D. D. and Hillman, D. R. and Eastwood, P. R.},
    number = {1},
    pages = {34--41},
    volume = {35},
    keywords = {Airway dimensions, Computed tomography, Interventional bronchoscopy, Optical coherence tomography, Quantitative bronchoscopy}
}

@misc{Sher1992,
    title = {{Mechanisms of airway obstruction in Robin sequence: Implications for treatment}},
    year = {1992},
    booktitle = {Cleft Palate-Craniofacial Journal},
    author = {Sher, A. E.},
    number = {3},
    pages = {224--231},
    volume = {29}
}

@article{Arens2003,
    title = {{Upper airway size analysis by magnetic resonance imaging of children with obstructive sleep apnea syndrome}},
    year = {2003},
    journal = {American Journal of Respiratory and Critical Care Medicine},
    author = {Arens, Raanan and McDonough, Joseph M. and Corbin, Aaron M. and Rubin, Nathania K. and Carroll, Mary Ellen and Pack, Allan I. and Liu, Jianguo and Udupa, Jayaram K.},
    number = {1},
    pages = {65--70},
    volume = {167},
    keywords = {Magnetic resonance imaging, Obstructive sleep apnea syndrome, Upper airway}
}

@article{Rogowska2004,
    title = {{Optical coherence tomographic elastography technique for measuring deformation and strain of atherosclerotic tissues.}},
    year = {2004},
    journal = {Heart (British Cardiac Society)},
    author = {Rogowska, J and Patel, N a and Fujimoto, J G and Brezinski, M E},
    number = {5},
    month = {5},
    pages = {556--562},
    volume = {90},
    url = {http://heart.bmj.com/cgi/doi/10.1136/hrt.2003.016956},
    doi = {10.1136/hrt.2003.016956},
    issn = {0007-0769}
}

@article{Yuan2000,
    title = {{Effects of collagenase and elastase on the mechanical properties of lung tissue strips}},
    year = {2000},
    author = {Yuan, Huichin and Kononov, Stefanida and Cavalcante, Francisco S A and Suki, L A and Lutchen, Kenneth R and Ingenito, Edward P and Kononov, Stefanida and Francisco, S A and Lutchen, Kenneth R and Ingenito, Edward P},
    pages = {3--14},
    volume = {02215}
}

@article{Williamson2011ElasticTomography,
    title = {{Elastic properties of the central airways in obstructive lung diseases measured using anatomical optical coherence tomography}},
    year = {2011},
    journal = {American Journal of Respiratory and Critical Care Medicine},
    author = {Williamson, Jonathan P. and McLaughlin, Robert A. and Noffsinger, William J. and James, Alan L. and Baker, Vanessa A. and Curatolo, Andrea and Armstrong, Julian J. and Regli, Adrian and Shepherd, Kelly L. and Marks, Guy B. and Sampson, David D. and Hillman, David R. and Eastwood, Peter R.},
    number = {5},
    pages = {612--619},
    volume = {183},
    keywords = {Airway compliance, Airway remodeling, Asthma, Chronic obstructive pulmonary disease, Optical coherence tomography}
}

@article{Arens2004PathophysiologyPerspective,
    title = {{Pathophysiology of upper airway obstruction: a developmental perspective}},
    year = {2004},
    journal = {Sleep},
    author = {Arens, Raanan and Marcus, Carole L},
    number = {5},
    pages = {997--1019},
    volume = {27},
    url = {http://www.ncbi.nlm.nih.gov/pubmed/15453561},
    keywords = {adenoids, adenoids pathology, adolescent, adult, child, female, humans, hypertrophy, hypertrophy pathology, male, obesity, obesity complications, obstructive, obstructive etiology, obstructive physiopathology, palate, palatine tonsil, palatine tonsil pathology, pharynx, pharynx anatomy {\&} histology, pharynx physiopathology, risk factors, sleep apnea, soft, soft anatomy {\&} histology, tongue, tongue anatomy {\&} histology}
}

@misc{Krieger1995EffectApnea,
    title = {{Effect of the velopharynx on intraluminal pressures in reconstructed pharynges derived from individuals with and without sleep apnea}},
    year = {1995},
    author = {Krieger, Anja},
    pages = {173--176},
    volume = {367},
    keywords = {calcium channel activator, oxygen evolution}
}

@misc{Walsh2008EvaluationApnoea,
    title = {{Evaluation of pharyngeal shape and size using anatomical optical coherence tomography in individuals with and without obstructive sleep apnoea}},
    year = {2008},
    booktitle = {Journal of Sleep Research},
    author = {Walsh, Jennifer H. and Leigh, Matthew S. and Paduch, Alexandre and Maddison, Kathleen J. and Philippe, Danielle L. and Armstrong, Julian J. and Sampson, David D. and Hillman, David R. and Eastwood, Peter R.},
    number = {2},
    pages = {230--238},
    volume = {17},
    isbn = {1365-2869 (Electronic){\textbackslash}r1365-2869 (Linking)},
    doi = {10.1111/j.1365-2869.2008.00647.x},
    issn = {09621105},
    pmid = {18422508},
    keywords = {Imaging, Obstructive sleep apnoea, Optical coherence tomography, Pharyngeal, Pharynx}
}

@article{Bella1999AssessmentHypertension,
    title = {{Assessment of Arterial Compliance by Carotid Midwall Strain-Stress Relation in Hypertension}},
    year = {1999},
    journal = {Hypertension},
    author = {Bella, J. N. and Roman, M. J. and Pini, R. and Schwartz, J. E. and Pickering, T. G. and Devereux, R. B.},
    number = {3},
    pages = {793--799},
    volume = {33},
    url = {http://hyper.ahajournals.org/content/33/3/793.full}
}

@article{Lee2002ModellingTube,
    title = {{Modelling of flow and wall behaviour in a mildly stenosed tube}},
    year = {2002},
    journal = {Medical Engineering and Physics},
    author = {Lee, K. W. and Xu, X. Yun},
    number = {9},
    pages = {575--586},
    volume = {24},
    keywords = {Compliant, Computational simulation, Fluid-solid interaction, Stenosis}
}

@article{Alipour2012MeasurementModeling,
    title = {{Measurement of vocal folds elastic properties for continuum modeling}},
    year = {2012},
    journal = {Journal of Voice},
    author = {Alipour, Fariborz and Vigmostad, Sarah},
    number = {6},
    pages = {21--29},
    volume = {26},
    keywords = {Poisson's ratio, Shear modulus, Tissue density, Transverse modulus, Vocal fold}
}

@article{Karimi2008EstimationElastography.,
    title = {{Estimation of nonlinear mechanical properties of vascular tissues via elastography.}},
    year = {2008},
    journal = {Cardiovascular engineering (Dordrecht, Netherlands)},
    author = {Karimi, Reza and Zhu, Ting and Bouma, Brett E and Mofrad, Mohammad R Kaazempur},
    number = {4},
    pages = {191--202},
    volume = {8},
    url = {http://www.pubmedcentral.nih.gov/articlerender.fcgi?artid=2703584&tool=pmcentrez&rendertype=abstract},
    doi = {10.1007/s10558-008-9061-0},
    issn = {1573-6806},
    pmid = {19048372},
    keywords = {Arteries, Arteries: anatomy {\&} histology, Arteries: physiology, Cardiovascular, Computer Simulation, Computer-Assisted, Computer-Assisted: methods, Elastic Modulus, Elasticity Imaging Techniques, Elasticity Imaging Techniques: methods, Image Interpretation, Mechanical, Models, Nonlinear Dynamics, Optical Coherence, Optical Coherence: methods, Reproducibility of Results, Sensitivity and Specificity, Stress, Tomography}
}

@article{Chan2004OCT-basedBiomechanics.,
    title = {{OCT-based arterial elastography: robust estimation exploiting tissue biomechanics.}},
    year = {2004},
    journal = {Optics express},
    author = {Chan, R and Chau, a and Karl, W and Nadkarni, S and Khalil, a and Iftimia, N and Shishkov, M and Tearney, G and Kaazempur-Mofrad, M and Bouma, B},
    number = {19},
    pages = {4558--4572},
    volume = {12}
}

@article{Chau2004MechanicalTomography,
    title = {{Mechanical analysis of atherosclerotic plaques based on optical coherence tomography}},
    year = {2004},
    journal = {Ann Biomed Eng},
    author = {Chau, A H and Chan, R C and Shishkov, M and MacNeill, B and Iftimia, N and Tearney, G J and Kamm, R D and Bouma, B E and Kaazempur-Mofrad, M R},
    number = {11},
    pages = {1494--1503},
    volume = {32},
    url = {http://www.ncbi.nlm.nih.gov/pubmed/15636110\nhttp://www.springerlink.com/content/gh8512u7rvgx4851/fulltext.pdf},
    isbn = {0090-6964 (Print){\textbackslash}r0090-6964 (Linking)},
    doi = {http://dx.doi.org/10.1114/B:ABME.0000049034.75368.4a},
    issn = {0090-6964},
    pmid = {15636110},
    arxivId = {17331558},
    keywords = {*Coronary Artery Disease/ultrasonography, *Coronary Vessels/ultrasonography, *Models, Cardiovascular, *Tomography, Optical Coherence/methods, *Ultrasonography, Interventional, Humans}
}

@article{Tozzi2000DefinitionCompliance,
    title = {{Definition of arterial compliance}},
    year = {2000},
    journal = {Am J Physiol Heart Circ Physiol},
    author = {Tozzi, Piergiorgio and Corno, Antonio and Hayoz, Daniel},
    number = {4},
    month = {4},
    pages = {H1407},
    volume = {278},
    url = {http://ajpheart.physiology.org/content/278/4/H1407}
}

@article{Barfuss1989ModifiedSystems,
    title = {{Modified Optical Frequency Domain Reflectometry with High Spatial Resolution for Components of Integrated Optic Systems}},
    year = {1989},
    journal = {Journal of Lightwave Technology},
    author = {Barfuss, Heiner and Brinkmeyer, E.},
    number = {1},
    pages = {3--10},
    volume = {7}
}

@article{Wong2005InPatients.,
    title = {{In vivo optical coherence tomography of the human larynx: normative and benign pathology in 82 patients.}},
    year = {2005},
    journal = {The Laryngoscope},
    author = {Wong, Brian J F and Jackson, Ryan P and Guo, Shuguang and Ridgway, James M and Mahmood, Usama and Su, Jianping and Shibuya, Terry Y and Crumley, Roger L and Gu, Mai and Armstrong, William B and Chen, Zhongping},
    number = {11},
    month = {11},
    pages = {1904--11},
    volume = {115},
    url = {http://www.ncbi.nlm.nih.gov/pubmed/16319597},
    doi = {10.1097/01.MLG.0000181465.17744.BE},
    issn = {0023-852X},
    pmid = {16319597},
    keywords = {Biopsy, Diagnosis, Differential, Endoscopy, Fiber Optic Technology, Head and Neck Neoplasms, Head and Neck Neoplasms: surgery, Humans, Intraoperative Period, Laryngeal Diseases, Laryngeal Diseases: pathology, Larynx, Larynx: ultrastructure, Prospective Studies, Reproducibility of Results, Tomography, Optical Coherence, Tomography, Optical Coherence: methods}
}

@article{Hariri2012InPathologist.,
    title = {{In vivo optical coherence tomography: the role of the pathologist.}},
    year = {2012},
    journal = {Archives of pathology {\&} laboratory medicine},
    author = {Hariri, Lida P and Mino-Kenudson, Mari and Mark, Eugene J and Suter, Melissa J},
    number = {12},
    pages = {1492--501},
    volume = {136},
    url = {http://www.ncbi.nlm.nih.gov/pubmed/23194041},
    isbn = {1543-2165 (Electronic){\textbackslash}r0003-9985 (Linking)},
    doi = {10.5858/arpa.2012-0252-SA},
    issn = {1543-2165},
    pmid = {23194041},
    keywords = {Animals, Clinical, Clinical: manpower, Coronary Disease, Coronary Disease: diagnosis, Coronary Disease: pathology, Endovascular Procedures, Esophageal Diseases, Esophageal Diseases: diagnosis, Esophageal Diseases: pathology, Humans, Lung Diseases, Lung Diseases: diagnosis, Lung Diseases: pathology, Optical Coherence, Optical Coherence: methods, Pathology, Professional Role, Tomography}
}

@incollection{Izatt2008TheoryTomography,
    title = {{Theory of optical coherence tomography}},
    year = {2008},
    booktitle = {Optical Coherence Tomography - Technology and Applications},
    author = {Izatt, Ja and Choma, Ma},
    chapter = {2. Theory},
    publisher = {Springer International Publishing},
    url = {http://link.springer.com/chapter/10.1007/978-3-540-77550-8_2},
    isbn = {978-3-540-77549-2},
    doi = {10.1007/978-3-540-77550-8{\_}2},
    issn = {0009-7322}
}

@article{Fercher2003OpticalApplications,
    title = {{Optical coherence tomography - principles and applications}},
    year = {2003},
    journal = {Reports on Progress in Physics},
    author = {Fercher, A F and Drexler, W and Hitzenberger, C K and Lasser, T},
    number = {2},
    pages = {239--303},
    volume = {66}
}

@misc{Danilishin2012QuantumDetectors,
    title = {{Quantum measurement theory in gravitational-wave detectors}},
    year = {2012},
    booktitle = {Living Reviews in Relativity},
    author = {Danilishin, Stefan L. and Khalili, Farid Ya},
    number = {1},
    pages = {1--147},
    volume = {15}
}

@article{Xiao1987PrecisionLimit,
    title = {{Precision measurement beyond the shot-noise limit}},
    year = {1987},
    journal = {Physical Review Letters},
    author = {Xiao, Min and Wu, Ling An and Kimble, H. J.},
    number = {3},
    pages = {278--281},
    volume = {59}
}

@article{Quinlan2013ExploitingTrains,
    title = {{Exploiting shot noise correlations in the photodetection of ultrashort optical pulse trains}},
    year = {2013},
    journal = {Nature Photonics},
    author = {Quinlan, Franklyn and Fortier, Tm M and Jiang, Haifeng and Hati, a and Nelson, C and Fu, Y and Campbell, J. C. and Diddams, S. a.},
    number = {April},
    pages = {290--293},
    volume = {7},
    url = {http://arxiv.org/abs/1302.6206\nhttp://www.nature.com/nphoton/journal/vaop/ncurrent/full/nphoton.2013.33.html\nhttp://www.nature.com/doifinder/10.1038/nphoton.2013.33}
}

@article{Mehmet2011SqueezedDB,
    title = {{Squeezed light at 1550 nm with a quantum noise reduction of 123 dB}},
    year = {2011},
    journal = {Optics Express},
    author = {Mehmet, Moritz and Ast, Stefan and Eberle, Tobias and Steinlechner, Sebastian and Vahlbruch, Henning and Schnabel, Roman},
    number = {25},
    pages = {25763},
    volume = {19},
    doi = {10.1364/OE.19.025763},
    issn = {1094-4087},
    pmid = {22273968},
    arxivId = {1110.3737}
}

@article{Caves1980Quantum-mechanicalInterferometer,
    title = {{Quantum-mechanical radiation-pressure fluctuations in an interferometer}},
    year = {1980},
    journal = {Physical Review Letters},
    author = {Caves, Carlton M.},
    number = {2},
    pages = {75--79},
    volume = {45}
}

@article{Vahlbruch2008ObservationReduction,
    title = {{Observation of squeezed light with 10-dB quantum-noise reduction}},
    year = {2008},
    journal = {Physical Review Letters},
    author = {Vahlbruch, Henning and Mehmet, Moritz and Chelkowski, Simon and Hage, Boris and Franzen, Alexander and Lastzka, Nico and Go{\ss}ler, Stefan and Danzmann, Karsten and Schnabel, Roman},
    number = {3},
    pages = {1--4},
    volume = {100}
}

@article{Pace1993QuantumRadiation,
    title = {{Quantum limits in interferometric detection of gravitational radiation}},
    year = {1993},
    journal = {Physical Review A},
    author = {Pace, A. F. and Collett, M. J. and Walls, D. F.},
    number = {4},
    pages = {3173--3189},
    volume = {47}
}

@article{Grangier1987Squeezed-lightenhancedInterferometer,
    title = {{Squeezed-light–enhanced polarization interferometer}},
    year = {1987},
    journal = {Physical Review Letters},
    author = {Grangier, P. and Slusher, R. and Yurke, B. and LaPorta, a.},
    number = {19},
    pages = {2153--2156},
    volume = {59},
    keywords = {doi:10.1103/PhysRevLett.59.2153 url:http://dx.doi.}
}

@article{Uribe-Patarroyo2015RotationalDecorrelation.,
    title = {{Rotational distortion correction in endoscopic optical coherence tomography based on speckle decorrelation.}},
    year = {2015},
    journal = {Optics letters},
    author = {Uribe-Patarroyo, Néstor and Bouma, Brett E},
    number = {23},
    month = {12},
    pages = {5518--21},
    volume = {40},
    publisher = {Optical Society of America},
    url = {http://www.osapublishing.org/viewmedia.cfm?uri=ol-40-23-5518&seq=0&html=true},
    doi = {10.1364/OL.40.005518},
    issn = {1539-4794},
    pmid = {26625040},
    keywords = {Medical and biological imaging, Motion estimation and  optical flow, Optical coherence tomography, Velocimetry},
    language = {EN}
}

@article{vanSoest2008AzimuthalDistortion,
    title = {{Azimuthal Registration of Image Sequences Affected by Nonuniform Rotation Distortion}},
    year = {2008},
    journal = {IEEE Transactions on Information Technology in Biomedicine},
    author = {van Soest, G. and Bosch, J.G. and van der Steen, A.F.W.},
    number = {3},
    month = {5},
    pages = {348--355},
    volume = {12},
    publisher = {IEEE},
    url = {http://ieeexplore.ieee.org/articleDetails.jsp?arnumber=4358918},
    doi = {10.1109/TITB.2007.908000},
    issn = {1089-7771},
    keywords = {IVUS, Image correction, NURD, OCT, artery, azimuthal registration, biomedical optical imaging, blood vessels, dynamic time warping, endoscopes, endoscopic probe, global rotation block matching, image correction, image degradation, image registration, image sequences, intravascular imaging, intravascular optical coherence tomography, intravascular ultrasound (IVUS), line-to-line continuity, medical image processing, motion compensation, motion correction, non-uniform rotation, nonuniform rotation, nonuniform rotation distortion, nonuniform rotation distortion (NURD), optical coherence tomography (OCT), optical tomography, optimisation, optimization, phantom, phantoms},
    language = {English}
}

@misc{S.P.Timoshenko1970TheoryElasticity,
    title = {{Theory of elasticity}},
    year = {1970},
    booktitle = {Engineering societies monographs},
    author = {{S. P. Timoshenko} and {J. N. Goodier}},
    pages = {806},
    volume = {7},
    isbn = {0070858055},
    issn = {00800646}
}

@article{Beebe2002ObstructiveDeficits,
    title = {{Obstructive sleep apnea and the prefrontal cortex: towards a comprehensive model linking nocturnal upper airway obstruction to daytime cognitive and behavioral deficits}},
    year = {2002},
    journal = {Journal of Sleep Research},
    author = {Beebe, Dean W. and Gozal, David},
    number = {1},
    month = {3},
    pages = {1--16},
    volume = {11},
    publisher = {Blackwell Science Ltd.},
    url = {http://doi.wiley.com/10.1046/j.1365-2869.2002.00289.x},
    doi = {10.1046/j.1365-2869.2002.00289.x},
    issn = {0962-1105},
    keywords = {adults, apnea, children, cognition, neuropsychology, prefrontal cortex, sleep}
}

@article{Schwab1993DynamicBreathing,
    title = {{Dynamic Upper Airway Imaging during Awake Respiration in Normal Subjects and Patients with Sleep Disordered Breathing}},
    year = {1993},
    journal = {American Review of Respiratory Disease},
    author = {Schwab, Richard J. and Gefter, Warren B. and Hoffman, Eric A. and Gupta, Krishanu B. and Pack, Allan I.},
    number = {5},
    month = {11},
    pages = {1385--1400},
    volume = {148},
    url = {http://www.atsjournals.org/doi/abs/10.1164/ajrccm/148.5.1385},
    doi = {10.1164/ajrccm/148.5.1385},
    issn = {0003-0805}
}

@article{Abramson2009Age-relatedTomography.,
    title = {{Age-related changes of the upper airway assessed by 3-dimensional computed tomography.}},
    year = {2009},
    journal = {Journal of Craniofacial Surgery},
    author = {Abramson, Zachary and Susarla, Srinivas and Troulis, Maria and Kaban, Leonard},
    number = {March},
    month = {3},
    pages = {657--663},
    volume = {20 Suppl 1},
    url = {http://content.wkhealth.com/linkback/openurl?sid=WKPTLP:landingpage&an=00001665-200903001-00021},
    doi = {10.1097/SCS.0b013e318193d521},
    issn = {1536-3732},
    pmid = {19182684},
    keywords = {AP/LAT dimensions, Airway length, CBCT, Healthy/non-surg participants, Non-OSA patients, Things to consider}
}

@article{Arens2002LinearImaging.,
    title = {{Linear dimensions of the upper airway structure during development: assessment by magnetic resonance imaging.}},
    year = {2002},
    journal = {American journal of respiratory and critical care medicine},
    author = {Arens, Raanan and McDonough, Joseph M and Corbin, Aaron M and Hernandez, Mary Elizabeth and Maislin, Greg and Schwab, Richard J and Pack, Allan I},
    number = {1},
    month = {1},
    pages = {117--22},
    volume = {165},
    url = {http://www.ncbi.nlm.nih.gov/pubmed/11779740},
    doi = {10.1164/ajrccm.165.1.2107140},
    issn = {1073-449X},
    pmid = {11779740}
}

@article{Drexler2001Ultrahigh-resolutionTomography,
    title = {{Ultrahigh-resolution ophthalmic optical coherence tomography}},
    year = {2001},
    journal = {Nature Medicine},
    author = {Drexler, Wolfgang and Morgner, Uwe and Ghanta, Ravi K. and K{\"{a}}rtner, Franz X. and Schuman, Joel S. and Fujimoto, James G.},
    number = {4},
    month = {4},
    pages = {502--507},
    volume = {7},
    publisher = {Nature Publishing Group},
    url = {http://www.nature.com/doifinder/10.1038/86589},
    doi = {10.1038/86589},
    issn = {10788956}
}

@article{Martin1997TheSize.,
    title = {{The effect of age, sex, obesity and posture on upper airway size.}},
    year = {1997},
    journal = {The European respiratory journal},
    author = {Martin, S E and Mathur, R and Marshall, I and Douglas, N J},
    number = {9},
    month = {9},
    pages = {2087--90},
    volume = {10},
    publisher = {European Respiratory Society},
    url = {http://www.ncbi.nlm.nih.gov/pubmed/9311508},
    issn = {0903-1936},
    pmid = {9311508}
}

@article{Tsai2013UltrahighTechnology,
    title = {{Ultrahigh speed endoscopic optical coherence tomography using micromotor imaging catheter and VCSEL technology}},
    year = {2013},
    journal = {Biomedical Optics Express},
    author = {Tsai, Tsung-Han and Potsaid, Benjamin and Tao, Yuankai K. and Jayaraman, Vijaysekhar and Jiang, James and Heim, Peter J. S. and Kraus, Martin F. and Zhou, Chao and Hornegger, Joachim and Mashimo, Hiroshi and Cable, Alex E. and Fujimoto, James G.},
    number = {7},
    month = {7},
    pages = {1119--1132},
    volume = {4},
    publisher = {Optical Society of America},
    url = {https://www.osapublishing.org/abstract.cfm?URI=boe-4-7-1119},
    doi = {10.1364/BOE.4.001119},
    issn = {2156-7085},
    keywords = {Endoscopic imaging, Fiber optics imaging, Gastrointestinal, Lasers, Medical and biological imaging, Medical optics instrumentation, Optical coherence tomography, Scanners, tunable}
}

@article{Lau2010ImagingAirways,
    title = {{Imaging true 3D endoscopic anatomy by incorporating magnetic tracking with optical coherence tomography: proof-of-principle for airways}},
    year = {2010},
    journal = {Optics Express},
    author = {Lau, Brandon and McLaughlin, Robert A. and Curatolo, Andrea and Kirk, Rodney W. and Gerstmann, Derek K. and Sampson, David D.},
    number = {26},
    month = {12},
    pages = {27173--27180},
    volume = {18},
    publisher = {Optical Society of America},
    url = {https://www.osapublishing.org/abstract.cfm?URI=oe-18-26-27173},
    doi = {10.1364/OE.18.027173},
    issn = {1094-4087},
    keywords = {Endoscopic imaging, Medical and biological imaging, Optical coherence tomography}
}

@article{Herz2004MicromotorTomography,
    title = {{Micromotor endoscope catheter for in vivo, ultrahigh-resolution optical coherence tomography}},
    year = {2004},
    journal = {Optics Letters},
    author = {Herz, P. R. and Chen, Y. and Aguirre, A. D. and Schneider, K. and Hsiung, P. and Fujimoto, J. G. and Madden, K. and Schmitt, J. and Goodnow, J. and Petersen, C.},
    number = {19},
    month = {10},
    pages = {2261--2263},
    volume = {29},
    publisher = {Optical Society of America},
    url = {https://www.osapublishing.org/abstract.cfm?URI=ol-29-19-2261},
    doi = {10.1364/OL.29.002261},
    issn = {0146-9592},
    keywords = {Endoscopic imaging, Optical coherence tomography}
}

@article{Walker1999LatexModels,
    title = {{Latex vessels with customized compliance for use in arterial flow models}},
    year = {1999},
    journal = {Physiol. Meas. Physiol. Meas},
    author = {Walker, Richard D and Smith, Roy E and Sherriff, Susan B and Wood, R F M},
    number = {2099},
    pages = {277--286},
    volume = {20},
    url = {http://iopscience.iop.org/0967-3334/20/3/305},
    keywords = {haemodynamics, modelling}
}

@inproceedings{Lisauskas1997InvestigationModeling,
    title = {{Investigation of plaque biomechanics from intravascular ultrasound images using finite element modeling}},
    year = {1997},
    booktitle = {IEEE Engineering in Medicine and Biology Society.},
    author = {Lisauskas, J.B. and Siebes, M.},
    pages = {887--888},
    volume = {2},
    url = {http://ieeexplore.ieee.org/lpdocs/epic03/wrapper.htm?arnumber=757809},
    isbn = {0-7803-4262-3},
    doi = {10.1109/IEMBS.1997.757809},
    keywords = {Arteries, Biomechanics, Blood pressure, Finite element methods, Humans, Material properties, Pressure measurement, Testing, Ultrasonic imaging, Ultrasonic variables measurement, artificial plaque, biomechanics, biomedical ultrasonics, blood vessels, clinically available data, diseased arteries, diseases, elastic material properties, elastic moduli measurement, finite element analysis, finite element modeling, intravascular ultrasound images, iterative finite element program, latex tubes elastic modulus, material properties, medical image processing, physiological models, plaque biomechanics investigation, stenosed arteries}
}

@misc{Hysinger2016PaediatricTracheomalacia,
    title = {{Paediatric Tracheomalacia}},
    year = {2016},
    booktitle = {Paediatric Respiratory Reviews},
    author = {Hysinger, Erik B. and Panitch, Howard B.},
    pages = {9--15},
    volume = {17},
    doi = {10.1016/j.prrv.2015.03.002},
    issn = {15260550},
    pmid = {25962857},
    keywords = {Airway Development, Airway compliance, Tracheobronchomalacia}
}

@inproceedings{Bu2016Swept-sourceTrachea,
    title = {{Swept-source anatomic optical coherence elastography of porcine trachea}},
    year = {2016},
    booktitle = {Proc. SPIE 9689},
    author = {Bu, Ruofei and Price, Hillel and Mitran, Sorin and Zdanski, Carlton and Oldenburg, Amy L.},
    month = {3},
    pages = {968923},
    url = {http://proceedings.spiedigitallibrary.org/proceeding.aspx?doi=10.1117/12.2213186},
    doi = {10.1117/12.2213186}
}

@article{Cisonni2008EffectApnea,
    title = {{Effect of the velopharynx on intraluminal pressures in reconstructed pharynges derived from individuals with and without sleep apnea}},
    year = {2008},
    journal = {Journal of Biomechanics},
    author = {Cisonni, Julien and Lucey, Anthony D. and Walsh, Jennifer H. and King, Andrew J.C. and Elliott, Novak S.J. and Sampson, David D. and Eastwood, Peter R. and Hillman, David R.},
    number = {14},
    pages = {2504--2512},
    volume = {46},
    doi = {10.1016/j.jbiomech.2013.07.007},
    issn = {00219290}
}

@article{DavisPredictiveChildren,
    title = {{Predictive Modeling for Treatment of Upper Airway Obstruction in Young Children}},
    author = {Davis, Stephanie and Superfine, Richard and Zdanski, Carlton}
}

@article{Daniel2006TheMalformations,
    title = {{The upper airway: Congenital malformations}},
    year = {2006},
    journal = {Paediatric Respiratory Reviews},
    author = {Daniel, Samuel J.},
    pages = {S260-S263},
    volume = {7},
    doi = {10.1016/j.prrv.2006.04.227},
    issn = {15260542}
}

@article{Bezerra2009IntracoronaryReview,
    title = {{Intracoronary Optical Coherence Tomography: A Comprehensive Review}},
    year = {2009},
    journal = {JACC: Cardiovascular Interventions},
    author = {Bezerra, Hiram G. and Costa, Marco A. and Guagliumi, Giulio and Rollins, Andrew M. and Simon, Daniel I.},
    number = {11},
    month = {11},
    pages = {1035--1046},
    volume = {2},
    publisher = {Journal of the American College of Cardiology},
    url = {http://linkinghub.elsevier.com/retrieve/pii/S1936879809005925},
    doi = {10.1016/j.jcin.2009.06.019},
    issn = {19368798},
    keywords = {catheter device, diagnostic imaging, intracoronary route, lipids, stent, device, tomography, optical coherence}
}

@article{Mead1969ContributionLungs.,
    title = {{Contribution of compliance of airways to frequency-dependent behavior of lungs.}},
    year = {1969},
    journal = {Journal of applied physiology},
    author = {Mead, J},
    number = {5},
    month = {5},
    pages = {670--3},
    volume = {26},
    publisher = {American Physiological Society},
    url = {http://www.ncbi.nlm.nih.gov/pubmed/5781625},
    issn = {0021-8987},
    pmid = {5781625}
}

@article{Mead1969ContributionLungs.b,
    title = {{Contribution of compliance of airways to frequency-dependent behavior of lungs.}},
    year = {1969},
    journal = {Journal of applied physiology (Bethesda, Md. : 1985)},
    author = {Mead, J},
    number = {5},
    pages = {670--673},
    volume = {26},
    isbn = {0021-8987 (Print){\textbackslash}r0021-8987 (Linking)},
    issn = {0021-8987},
    pmid = {5781625}
}

@article{Drexler2001Ultrahigh-resolutionTomography.,
    title = {{Ultrahigh-resolution ophthalmic optical coherence tomography.}},
    year = {2001},
    journal = {Nature medicine},
    author = {Drexler, W and Morgner, U and Ghanta, R K and K{\"{a}}rtner, F X and Schuman, J S and Fujimoto, J G},
    number = {4},
    pages = {502--507},
    volume = {7}
}

@article{Schwab1993DynamicBreathingb,
    title = {{Dynamic Upper Airway Imaging during Awake Respiration in Normal Subjects and Patients with Sleep Disordered Breathing}},
    year = {1993},
    journal = {American Review of Respiratory Disease},
    author = {Schwab, Richard J. and Gefter, Warren B. and Hoffman, Eric A. and Gupta, Krishanu B. and Pack, Allan I.},
    number = {5},
    month = {11},
    pages = {1385--1400},
    volume = {148},
    url = {http://www.atsjournals.org/doi/abs/10.1164/ajrccm/148.5.1385},
    doi = {10.1164/ajrccm/148.5.1385},
    issn = {0003-0805}
}

@article{Sharma2015Long-rangeInjury,
    title = {{Long-range optical coherence tomography of the neonatal upper airway for early diagnosis of intubation-related subglottic injury}},
    year = {2015},
    journal = {American Journal of Respiratory and Critical Care Medicine},
    author = {Sharma, Giriraj K. and Ahuja, Gurpreet S. and Wiedmann, Maximilian and Osann, Kathryn E. and Su, Erica and Heidari, Andrew E. and Jing, Joseph C. and Qu, Yueqiao and Lazarow, Frances and Wang, Alex and Chou, Lidek and Uy, Cherry C. and Dhar, Vijay and Cleary, John P. and Pham, Nguyen and Huoh, Kevin and Chen, Zhongping and Wong, Brian J F},
    number = {12},
    pages = {1504--1513},
    volume = {192},
    isbn = {3143624892},
    doi = {10.1164/rccm.201501-0053OC},
    issn = {15354970},
    keywords = {Diagnostic imaging, Intubation injury, Neonate, Optical coherence tomography, Subglottic stenosis}
}

@article{Drexler2001Ultrahigh-resolutionTomography.b,
    title = {{Ultrahigh-resolution ophthalmic optical coherence tomography.}},
    year = {2001},
    journal = {Nature medicine},
    author = {Drexler, W and Morgner, U and Ghanta, R K and K{\"{a}}rtner, F X and Schuman, J S and Fujimoto, J G},
    number = {4},
    pages = {502--507},
    volume = {7},
    isbn = {1078-8956 (Print){\textbackslash}r1078-8956 (Linking)},
    doi = {10.1038/86589},
    issn = {1078-8956},
    pmid = {11283681},
    arxivId = {NIHMS150003}
}

@article{Kawase2007ComparisonModel,
    title = {{Comparison of nonuniform rotational distortion between mechanical IVUS and OCT using a phantom model}},
    year = {2007},
    journal = {Ultrasound in Medicine {\&} Biology},
    author = {Kawase, Yoshiaki and Suzuki, Yoriyasu and Ikeno, Fumiaki and Yoneyama, Ryuichi and Hoshino, Kozo and Ly, Hung Q. and Lau, George T. and Hayase, Motoya and Yeung, Alan C. and Hajjar, Roger J. and Jang, Ik-Kyung},
    number = {1},
    pages = {67--73},
    volume = {33},
    doi = {10.1016/j.ultrasmedbio.2006.07.020},
    issn = {03015629}
}

@article{Persak2011NoninvasiveDynamics,
    title = {{Noninvasive estimation of pharyngeal airway resistance and compliance in children based on volume-gated dynamic MRI and computational fluid dynamics}},
    year = {2011},
    journal = {Journal of Applied Physiology},
    author = {Persak, Steven C. and Sin, Sanghun and McDonough, Joseph M. and Arens, Raanan and Wootton, David M.},
    number = {6},
    volume = {111}
}

@article{Begin1988LungScan.,
    title = {{Lung Function in Silica-exposed Workers. A relationship to disease severity assessed by CT scan.}},
    year = {1988},
    journal = {Chest},
    author = {B{\'{e}}gin, Raymond and Ostiguy, Gaston and Cantin, André and Bergeron, Denis},
    number = {3},
    month = {9},
    pages = {539--545},
    volume = {94},
    publisher = {American College of Chest Physicians},
    url = {http://linkinghub.elsevier.com/retrieve/pii/S0012369216301593},
    doi = {10.1378/chest.94.3.539},
    issn = {00123692},
    keywords = {computed tomography, pulmonary function tests, silicon dioxide}
}

@article{Wang2001ConcurrentAgents,
    title = {{Concurrent enhancement of imaging depth and contrast for optical coherence tomography by hyperosmotic agents}},
    year = {2001},
    journal = {Journal of the Optical Society of America B},
    author = {Wang, Ruikang K. and Xu, Xiangqun and Tuchin, Valery V. and Elder, James B.},
    number = {7},
    month = {7},
    pages = {948},
    volume = {18},
    publisher = {Optical Society of America},
    url = {https://www.osapublishing.org/abstract.cfm?URI=josab-18-7-948},
    doi = {10.1364/JOSAB.18.000948},
    issn = {0740-3224},
    keywords = {Optical coherence tomography, Refraction, Tissue}
}

@article{Armstrong2003InTomography,
    title = {{In vivo size and shape measurement of the human upper airway using endoscopic long-range optical coherence tomography}},
    year = {2003},
    journal = {Optics Express},
    author = {Armstrong, Julian J. and Leigh, Matthew S. and Walton, Ian D. and Zvyagin, Andrei V. and Alexandrov, Sergey A. and Schwer, Stefan and Sampson, David D. and Hillman, David R. and Eastwood, Peter R.},
    number = {15},
    month = {7},
    pages = {1817},
    volume = {11},
    url = {https://www.osapublishing.org/abstract.cfm?URI=oe-11-15-1817},
    doi = {10.1364/OE.11.001817},
    issn = {1094-4087}
}

@book{CambridgeUniversityEngineeringDepartment2003MaterialsBook,
    title = {{Materials Data Book}},
    year = {2003},
    author = {{Cambridge University Engineering Department}}
}

@article{Ajose-Popoola2016DiagnosisTomography.,
    title = {{Diagnosis of subglottic stenosis in a rabbit model using long-range optical coherence tomography.}},
    year = {2016},
    journal = {The Laryngoscope},
    author = {Ajose-Popoola, Olubunmi and Su, Erica and Hamamoto, Ashley and Wang, Alex and Jing, Joseph C and Nguyen, Tony D and Chen, Jason J and Osann, Kathryn E and Chen, Zhongping and Ahuja, Gurpreet S and Wong, Brian J F},
    month = {8},
    url = {http://www.ncbi.nlm.nih.gov/pubmed/27559721},
    doi = {10.1002/lary.26241},
    issn = {1531-4995},
    pmid = {27559721},
    keywords = {Subglottic stenosis, diagnostic imaging, intubation injury, optical coherence tomography, rabbit model}
}

@inproceedings{Szabari2016UsingDynamics,
    title = {{Using optical coherence tomography (OCT) imaging in the evaluation of airway dynamics}},
    year = {2016},
    booktitle = {International Society for Optics and Photonics},
    author = {Szabari, Margit V. and Kelly, Vanessa J. and Applegate, Matthew B. and Chee, Chunmin and Tan, Khay M. and Hariri, Lida P. and Harris, R. Scott and Winkler, Tilo and Suter, Melissa J.},
    month = {4},
    pages = {969112},
    url = {http://proceedings.spiedigitallibrary.org/proceeding.aspx?doi=10.1117/12.2216306},
    doi = {10.1117/12.2216306},
    keywords = {Diseases and disorders, In vivo imaging, Lung, Optical coherence tomography, Pathophysiology, Temporal resolution}
}

@article{Lee2014ValidationAirways.,
    title = {{Validation of airway wall measurements by optical coherence tomography in porcine airways.}},
    year = {2014},
    journal = {PloS one},
    author = {Lee, Anthony M D and Kirby, Miranda and Ohtani, Keishi and Candido, Tara and Shalansky, Rebecca and MacAulay, Calum and English, John and Finley, Richard and Lam, Stephen and Coxson, Harvey O and Lane, Pierre},
    number = {6},
    pages = {e100145},
    volume = {9},
    url = {http://www.ncbi.nlm.nih.gov/pubmed/24949633 http://www.pubmedcentral.nih.gov/articlerender.fcgi?artid=PMC4064993},
    doi = {10.1371/journal.pone.0100145},
    issn = {1932-6203},
    pmid = {24949633}
}

@article{AlGhanim2008TheApnea,
    title = {{The Economic Impact of Obstructive Sleep Apnea}},
    year = {2008},
    journal = {Lung},
    author = {AlGhanim, Nayef and Comondore, Vikram R. and Fleetham, John and Marra, Carlo A. and Ayas, Najib T.},
    number = {1},
    month = {2},
    pages = {7--12},
    volume = {186},
    publisher = {Springer-Verlag},
    url = {http://link.springer.com/10.1007/s00408-007-9055-5},
    doi = {10.1007/s00408-007-9055-5},
    issn = {0341-2040}
}

@article{Daniel2006TheMalformationsb,
    title = {{The upper airway: Congenital malformations}},
    year = {2006},
    journal = {Paediatric Respiratory Reviews},
    author = {Daniel, Samuel J.},
    pages = {S260-S263},
    volume = {7},
    doi = {10.1016/j.prrv.2006.04.227},
    issn = {15260542}
}

@article{Brenner2007ComputedExposure.,
    title = {{Computed tomography--an increasing source of radiation exposure.}},
    year = {2007},
    journal = {The New England journal of medicine},
    author = {Brenner, David J and Hall, Eric J},
    number = {22},
    pages = {2277--2284},
    volume = {357},
    isbn = {357222277p},
    doi = {10.1056/NEJMra072149},
    issn = {15334406},
    pmid = {18046031}
}

@article{Strohl2012MechanicalAirway.,
    title = {{Mechanical properties of the upper airway.}},
    year = {2012},
    journal = {Comprehensive Physiology},
    author = {Strohl, Kingman P and Butler, James P and Malhotra, Atul},
    number = {3},
    month = {7},
    pages = {1853--72},
    volume = {2},
    url = {http://www.ncbi.nlm.nih.gov/pubmed/23723026 http://www.pubmedcentral.nih.gov/articlerender.fcgi?artid=PMC3770742},
    doi = {10.1002/cphy.c110053},
    issn = {2040-4603},
    pmid = {23723026}
}

@article{Yasuno2005Three-dimensionalSegments.,
    title = {{Three-dimensional and high-speed swept-source optical coherence tomography for in vivo investigation of human anterior eye segments.}},
    year = {2005},
    journal = {Optics express},
    author = {Yasuno, Yoshiaki and Madjarova, Violeta Dimitrova and Makita, Shuichi and Akiba, Masahiro and Morosawa, Atsushi and Chong, Changho and Sakai, Toru and Chan, Kin-Pui and Itoh, Masahide and Yatagai, Toyohiko},
    number = {26},
    pages = {10652--10664},
    volume = {13}
}

@article{Armstrong2003InTomographyb,
    title = {{In vivo size and shape measurement of the human upper airway using endoscopic longrange optical coherence tomography}},
    year = {2003},
    journal = {Optics Express},
    author = {Armstrong, Julian and Leigh, Matthew and Walton, Ian and Zvyagin, Andrei and Alexandrov, Sergey and Schwer, Stefan and Sampson, David and Hillman, David and Eastwood, Peter},
    number = {15},
    month = {7},
    pages = {1817--1826},
    volume = {11},
    url = {http://www.opticsexpress.org/abstract.cfm?URI=oe-11-15-1817\nhttp://www.opticsinfobase.org/abstract.cfm?URI=oe-11-15-1817\nhttp://www.opticsinfobase.org/viewmedia.cfm?uri=oe-11-15-1817&seq=0},
    doi = {10.1364/OE.11.001817},
    issn = {1094-4087}
}

@article{Jing2012High-speedTomography,
    title = {{High-speed upper-airway imaging using full-range optical coherence tomography}},
    year = {2012},
    journal = {Journal of Biomedical Optics},
    author = {Jing, Joseph and Zhang, Jun and Loy, Anthony Chin and Wong, Brian J. F. and Chen, Zhongping},
    number = {11},
    pages = {110507},
    volume = {17},
    url = {http://biomedicaloptics.spiedigitallibrary.org/article.aspx?doi=10.1117/1.JBO.17.11.110507}
}

@article{Yin2009InTomography.,
    title = {{In vivo early detection of smoke-induced airway injury using three-dimensional swept-source optical coherence tomography.}},
    year = {2009},
    journal = {Journal of biomedical optics},
    author = {Yin, Jiechen and Liu, Gangjun and Zhang, Jun and Yu, Lingfeng and Mahon, Sari and Mukai, David and Brenner, Matthew and Chen, Zhongping},
    number = {6},
    pages = {060503},
    volume = {14},
    url = {http://www.pubmedcentral.nih.gov/articlerender.fcgi?artid=2801726&tool=pmcentrez&rendertype=abstract},
    keywords = {Algorithms, Animals, Image Processing, Computer-Assisted, Image Processing, Computer-Assisted: methods, Imaging, Three-Dimensional, Imaging, Three-Dimensional: methods, Rabbits, Sensitivity and Specificity, Smoke Inhalation Injury, Smoke Inhalation Injury: diagnosis, Smoke Inhalation Injury: pathology, Tomography, Optical Coherence, Tomography, Optical Coherence: methods, Trachea, Trachea: pathology}
}

@article{Yu2009Office-basedTomography.,
    title = {{Office-based dynamic imaging of vocal cords in awake patients with swept-source optical coherence tomography.}},
    year = {2009},
    journal = {Journal of biomedical optics},
    author = {Yu, Lingfeng and Liu, Gangjun and Rubinstein, Marc and Saidi, Arya and Wong, Brian J F and Chen, Zhongping},
    number = {December},
    pages = {064020},
    volume = {14},
    keywords = {12, 2, 2009, 24, 31, accepted for publication sep, biomedical imaging, coherence tomography, early diagnosis, laryngeal cancer, larynx, optical, paper 09191pr received may, published online dec, revised manuscript received aug, this paper}
}

@article{Gora2011OpticalEsophagus.,
    title = {{Optical frequency domain imaging system and catheters for volumetric imaging of the human esophagus.}},
    year = {2011},
    journal = {Photonics letters of Poland},
    author = {Gora, Michalina and Yoo, Hongki and Suter, Melissa J and Gallagher, Kevin A and Bouma, Brett E and Nishioka, Norman S and Tearney, Guillermo J},
    number = {4},
    month = {12},
    pages = {144--146},
    volume = {3},
    publisher = {NIH Public Access},
    url = {http://www.ncbi.nlm.nih.gov/pubmed/22924122 http://www.pubmedcentral.nih.gov/articlerender.fcgi?artid=PMC3425351},
    doi = {10.4302/plp.2011.4.06},
    pmid = {22924122}
}

@article{Young2002EpidemiologyApnea,
    title = {{Epidemiology of Obstructive Sleep Apnea}},
    year = {2002},
    journal = {American Journal of Respiratory and Critical Care Medicine},
    author = {Young, Terry and Peppard, Paul E. and Gottlieb, Daniel J.},
    number = {9},
    month = {5},
    pages = {1217--1239},
    volume = {165},
    publisher = {American Thoracic Society},
    url = {http://www.atsjournals.org/doi/abs/10.1164/rccm.2109080},
    doi = {10.1164/rccm.2109080},
    issn = {1073-449X},
    keywords = {epidemiology, obstructive sleep apnea, sleep disorder, sleep-disordered breathing}
}

@article{Gleadhill1991UpperApnea,
    title = {{Upper Airway Collapsibility in Snorers and in Patients with Obstructive Hypopnea and Apnea}},
    year = {1991},
    journal = {American Review of Respiratory Disease},
    author = {Gleadhill, Iain C. and Schwartz, Alan R. and Schubert, Norman and Wise, Robert A. and Permutt, Solbert and Smith, Philip L.},
    number = {6},
    month = {6},
    pages = {1300--1303},
    volume = {143},
    publisher = {American Lung Association},
    url = {http://www.atsjournals.org/doi/abs/10.1164/ajrccm/143.6.1300},
    doi = {10.1164/ajrccm/143.6.1300},
    issn = {0003-0805}
}

@article{Rowley2002GenderCircumference,
    title = {{Gender differences in upper airway compliance during NREM sleep: role of neck circumference}},
    year = {2002},
    journal = {Journal of Applied Physiology},
    author = {Rowley, James A. and Sanders, Carrie S. and Zahn, Brian R. and Badr, M. Safwan},
    number = {6},
    volume = {92}
}

@article{Kuna1988EffectConfiguration,
    title = {{Effect of Nasal Airway Positive Pressure on Upper Airway Size and Configuration}},
    year = {1988},
    journal = {American Review of Respiratory Disease},
    author = {Kuna, Samuel T. and Bedi, Deepak G. and Ryckman, Christopher},
    number = {4},
    month = {10},
    pages = {969--975},
    volume = {138},
    publisher = {American Lung Association},
    url = {http://www.atsjournals.org/doi/abs/10.1164/ajrccm/138.4.969},
    doi = {10.1164/ajrccm/138.4.969},
    issn = {0003-0805}
}

@article{Choma2003SensitivityTomography,
    title = {{Sensitivity advantage of swept source and Fourier domain optical coherence tomography}},
    year = {2003},
    journal = {Optics Express},
    author = {Choma, Michael and Sarunic, Marinko and Yang, Changhuei and Izatt, Joseph},
    number = {18},
    month = {9},
    pages = {2183},
    volume = {11},
    publisher = {Optical Society of America},
    url = {https://www.osapublishing.org/oe/abstract.cfm?uri=oe-11-18-2183},
    doi = {10.1364/OE.11.002183},
    issn = {1094-4087},
    keywords = {Noise in imaging systems, Optical coherence tomography}
}

@article{Sharma2016QuantitativeTomography,
    title = {{Quantitative Evaluation of Adult Subglottic Stenosis Using Intraoperative Long-range Optical Coherence Tomography}},
    year = {2016},
    journal = {Annals of Otology, Rhinology {\&} Laryngology},
    author = {Sharma, G. K. and Chin Loy, A. and Su, E. and Jing, J. and Chen, Z. and Wong, B. J.-F. and Verma, S.},
    number = {10},
    month = {10},
    pages = {815--822},
    volume = {125},
    url = {http://aor.sagepub.com/lookup/doi/10.1177/0003489416655353},
    doi = {10.1177/0003489416655353},
    issn = {0003-4894}
}

@article{SeptimiuD.Murgu2006TracheobronchomalaciaCollapse,
    title = {{Tracheobronchomalacia and excessive dynamic airway collapse}},
    year = {2006},
    journal = {Respirology},
    author = {{Septimiu D. Murgu} and Colt, Henri G.},
    number = {4},
    month = {7},
    pages = {388--406},
    volume = {11},
    publisher = {Blackwell Publishing Asia},
    url = {http://doi.wiley.com/10.1111/j.1440-1843.2006.00862.x},
    doi = {10.1111/j.1440-1843.2006.00862.x},
    issn = {1323-7799},
    keywords = {airflow dynamics, bronchomalacia, excessive dynamic airway collapse, tracheobronchomalacia, tracheomalacia}
}

@article{Yun2004RemovingShifting.,
    title = {{Removing the depth-degeneracy in optical frequency domain imaging with frequency shifting.}},
    year = {2004},
    journal = {Optics Express},
    author = {Yun, S and Tearney, G and de Boer, J and Bouma, B},
    number = {20},
    pages = {4822--4828},
    volume = {12}
}

@article{Yun2004RemovingShifting,
    title = {{Removing the depth-degeneracy in optical frequency domain imaging with frequency shifting}},
    year = {2004},
    journal = {Optics Express},
    author = {Yun, S. H. and Tearney, G. J. and de Boer, J. F. and Bouma, B. E.},
    number = {20},
    pages = {4822},
    volume = {12},
    publisher = {Optical Society of America},
    url = {https://www.osapublishing.org/oe/abstract.cfm?uri=oe-12-20-4822},
    doi = {10.1364/OPEX.12.004822},
    issn = {1094-4087},
    keywords = {Coherence imaging, Medical and biological imaging}
}

@inproceedings{Fercher1998ComplexOCT,
    title = {{Complex spectral interferometry OCT}},
    year = {1998},
    booktitle = {SPIE Proceedings},
    author = {Fercher, Adolf F. and Leitgeb, Rainer and Hitzenberger, Christoph K. and Sattmann, Harald and Wojtkowski, Maciej},
    month = {9},
    pages = {173--178},
    url = {http://proceedings.spiedigitallibrary.org/proceeding.aspx?articleid=972324},
    doi = {10.1117/12.339152},
    keywords = {Glasses, Interferometry, Scattering, Skin}
}

@article{Bachmann2006HeterodyneResolution,
    title = {{Heterodyne Fourier domain optical coherence tomography for full range probing with high axial resolution}},
    year = {2006},
    journal = {Optics Express},
    author = {Bachmann, Adrian and Leitgeb, Rainer and Lasser, Theo},
    number = {4},
    pages = {1487},
    volume = {14},
    publisher = {Optical Society of America},
    url = {https://www.osapublishing.org/oe/abstract.cfm?uri=oe-14-4-1487},
    doi = {10.1364/OE.14.001487},
    issn = {1094-4087},
    keywords = {Acousto, Medical and biological imaging, Optical coherence tomography, optical signal processing}
}

@article{Baumann2007FullShifters,
    title = {{Full range complex spectral domain optical coherence tomography without additional phase shifters}},
    year = {2007},
    journal = {Optics Express},
    author = {Baumann, Bernhard and Pircher, Michael and G{\"{o}}tzinger, Erich and Hitzenberger, Christoph K.},
    number = {20},
    pages = {13375},
    volume = {15},
    publisher = {Optical Society of America},
    url = {https://www.osapublishing.org/oe/abstract.cfm?uri=oe-15-20-13375},
    doi = {10.1364/OE.15.013375},
    issn = {1094-4087},
    keywords = {Medical and biological imaging, Optical coherence tomography, Optical diagnostics for medicine}
}

@article{Jeong2012Spectral-domainImaging,
    title = {{Spectral-domain OCT with dual illumination and interlaced detection for simultaneous anterior segment and retina imaging}},
    year = {2012},
    journal = {Optics Express},
    author = {Jeong, Hyun-Woo and Lee, Sang-Won and Kim, Beop-Min},
    number = {17},
    month = {8},
    pages = {19148},
    volume = {20},
    publisher = {Optical Society of America},
    url = {https://www.osapublishing.org/oe/abstract.cfm?uri=oe-20-17-19148},
    doi = {10.1364/OE.20.019148},
    issn = {1094-4087},
    keywords = {Medical and biological imaging, Ophthalmology, Optical coherence tomography}
}

@article{Yun2007ComprehensiveVivo,
    title = {{Comprehensive volumetric optical microscopy in vivo}},
    year = {2007},
    journal = {Nature Medicine},
    author = {Yun, Seok H and Tearney, Guillermo J and Vakoc, Benjamin J and Shishkov, Milen and Oh, Wang Y and Desjardins, Adrien E and Suter, Melissa J and Chan, Raymond C and Evans, John A and Jang, Ik-Kyung and Nishioka, Norman S and de Boer, Johannes F and Bouma, Brett E},
    number = {12},
    month = {1},
    pages = {1429--1433},
    volume = {12},
    publisher = {Nature Publishing Group},
    url = {http://www.nature.com/doifinder/10.1038/nm1450},
    doi = {10.1038/nm1450},
    issn = {1078-8956}
}

@article{Uribe-Patarroyo2015RotationalDecorrelation,
    title = {{Rotational distortion correction in endoscopic optical coherence tomography based on speckle decorrelation}},
    year = {2015},
    journal = {Optics Letters},
    author = {Uribe-Patarroyo, Néstor and Bouma, Brett E.},
    number = {23},
    month = {12},
    pages = {5518},
    volume = {40},
    publisher = {Optical Society of America},
    url = {https://www.osapublishing.org/abstract.cfm?URI=ol-40-23-5518},
    doi = {10.1364/OL.40.005518},
    issn = {0146-9592},
    keywords = {Medical and biological imaging, Motion estimation and  optical flow, Optical coherence tomography, Velocimetry}
}

@article{Ahsen2014CorrectionAngiography,
    title = {{Correction of rotational distortion for catheter-based en face OCT and OCT angiography}},
    year = {2014},
    journal = {Optics Letters},
    author = {Ahsen, Osman O. and Lee, Hsiang-Chieh and Giacomelli, Michael G. and Wang, Zhao and Liang, Kaicheng and Tsai, Tsung-Han and Potsaid, Benjamin and Mashimo, Hiroshi and Fujimoto, James G.},
    number = {20},
    month = {10},
    pages = {5973},
    volume = {39},
    publisher = {Optical Society of America},
    url = {https://www.osapublishing.org/abstract.cfm?URI=ol-39-20-5973},
    doi = {10.1364/OL.39.005973},
    issn = {0146-9592},
    keywords = {Gastrointestinal, Medical and biological imaging, Optical coherence tomography, Three, dimensional image processing}
}

@article{Fayad2001ClinicalPlaque,
    title = {{Clinical Imaging of the High-Risk or Vulnerable Atherosclerotic Plaque}},
    year = {2001},
    journal = {Circulation Research},
    author = {Fayad, Z. A. and Fuster, V.},
    number = {4},
    volume = {89}
}

@inproceedings{Fercher1998lttitlegtComplexOCTlt/titlegt,
    title = {{{\&}lt;title{\&}gt;Complex spectral interferometry OCT{\&}lt;/title{\&}gt;}},
    year = {1998},
    author = {Fercher, Adolf F. and Leitgeb, Rainer and Hitzenberger, Christoph K. and Sattmann, Harald and Wojtkowski, Maciej},
    editor = {Altshuler, Gregory B. and Andersson-Engels, Stefan and Birngruber, Reginald and Bjerring, Peter and Fercher, Adolf F. and Geschwind, Herbert J. and Hibst, Raimund and Hoenigsmann, Herbert and Laffitte, Frederic and Sterenborg, Hericus J. C. M.},
    month = {9},
    pages = {173--178},
    publisher = {International Society for Optics and Photonics},
    url = {http://proceedings.spiedigitallibrary.org/proceeding.aspx?articleid=972324},
    doi = {10.1117/12.339152},
    keywords = {Glasses, Interferometry, Scattering, Skin}
}

@article{Wojtkowski2002FullImaging,
    title = {{Full range complex spectral optical coherence tomography technique in eye imaging}},
    year = {2002},
    journal = {Optics Letters},
    author = {Wojtkowski, M. and Kowalczyk, A. and Leitgeb, R. and Fercher, A. F.},
    number = {16},
    month = {8},
    pages = {1415},
    volume = {27},
    publisher = {Optical Society of America},
    url = {https://www.osapublishing.org/abstract.cfm?URI=ol-27-16-1415},
    doi = {10.1364/OL.27.001415},
    issn = {0146-9592},
    keywords = {ABCD transforms, Holographic interferometry, Imaging systems, Medical and biological imaging, Ophthalmology, Optical coherence tomography}
}

@article{Zhang2005RemovalModulator,
    title = {{Removal of a mirror image and enhancement of the signal-to-noise ratio in Fourier-domain optical coherence tomography using an electro-optic phase modulator}},
    year = {2005},
    journal = {Optics Letters},
    author = {Zhang, Jun and Nelson, J. Stuart and Chen, Zhongping},
    number = {2},
    month = {1},
    pages = {147},
    volume = {30},
    publisher = {Optical Society of America},
    url = {https://www.osapublishing.org/abstract.cfm?URI=ol-30-2-147},
    doi = {10.1364/OL.30.000147},
    issn = {0146-9592},
    keywords = {ABCD transforms, Medical and biological imaging, Optical coherence tomography}
}

@article{Sarunic2005InstantaneousCouplers,
    title = {{Instantaneous complex conjugate resolved spectral domain and swept-source OCT using 3x3 fiber couplers}},
    year = {2005},
    journal = {Optics Express},
    author = {Sarunic, Marinko V. and Choma, Michael A. and Yang, Changhuei and Izatt, Joseph A.},
    number = {3},
    pages = {957},
    volume = {13},
    publisher = {Optical Society of America},
    url = {https://www.osapublishing.org/oe/abstract.cfm?uri=oe-13-3-957},
    doi = {10.1364/OPEX.13.000957},
    issn = {1094-4087},
    keywords = {Optical coherence tomography}
}

@article{Hofer2009DispersionTomography,
    title = {{Dispersion encoded full range frequency domain optical coherence tomography}},
    year = {2009},
    journal = {Optics Express},
    author = {Hofer, Bernd and Pova{\v{z}}ay, Boris and Hermann, Boris and Unterhuber, Angelika and Matz, Gerald and Drexler, Wolfgang},
    number = {1},
    month = {1},
    pages = {7},
    volume = {17},
    publisher = {Optical Society of America},
    url = {https://www.osapublishing.org/oe/abstract.cfm?uri=oe-17-1-7},
    doi = {10.1364/OE.17.000007},
    issn = {1094-4087},
    keywords = {Fourier transforms, Image reconstruction, Image reconstruction techniques, Optical coherence tomography, Phase retrieval, Spectroscopy, restoration}
}

@article{Witte2009Single-shotControl,
    title = {{Single-shot two-dimensional full-range optical coherence tomography achieved by dispersion control}},
    year = {2009},
    journal = {Optics Express},
    author = {Witte, S. and Baclayon, M. and Peterman, E. J. and Toonen, R. F. and Mansvelder, H. D. and Groot, M. L.},
    number = {14},
    month = {7},
    pages = {11335},
    volume = {17},
    publisher = {Optical Society of America},
    url = {https://www.osapublishing.org/oe/abstract.cfm?uri=oe-17-14-11335},
    doi = {10.1364/OE.17.011335},
    issn = {1094-4087},
    keywords = {Chirping, Fourier optics and signal processing, Image reconstruction techniques, Imaging systems, Optical coherence tomography, Phase retrieval}
}

@article{Yun2004RemovingShiftingb,
    title = {{Removing the depth-degeneracy in optical frequency domain imaging with frequency shifting}},
    year = {2004},
    journal = {Optics Express},
    author = {Yun, S. H. and Tearney, G. J. and de Boer, J. F. and Bouma, B. E.},
    number = {20},
    pages = {4822},
    volume = {12},
    publisher = {Optical Society of America},
    url = {https://www.osapublishing.org/oe/abstract.cfm?uri=oe-12-20-4822},
    doi = {10.1364/OPEX.12.004822},
    issn = {1094-4087},
    keywords = {Coherence imaging, Medical and biological imaging}
}

@article{Leitgeb2003Phase-shiftingTomography,
    title = {{Phase-shifting algorithm to achieve high-speed long-depth-range probing by frequency-domain optical coherence tomography}},
    year = {2003},
    journal = {Optics Letters},
    author = {Leitgeb, Rainer A. and Hitzenberger, Christoph K. and Fercher, Adolf F. and Bajraszewski, Tomasz},
    number = {22},
    month = {11},
    pages = {2201},
    volume = {28},
    publisher = {Optical Society of America},
    url = {https://www.osapublishing.org/abstract.cfm?URI=ol-28-22-2201},
    doi = {10.1364/OL.28.002201},
    issn = {0146-9592},
    keywords = {Medical optics instrumentation, Optical coherence tomography}
}

@article{Yun2003High-speedImaging,
    title = {{High-speed optical frequency-domain imaging}},
    year = {2003},
    journal = {Optics Express},
    author = {Yun, S. and Tearney, G. and de Boer, Johannes and Iftimia, N. and Bouma, B.},
    number = {22},
    month = {11},
    pages = {2953},
    volume = {11},
    publisher = {Optical Society of America},
    url = {https://www.osapublishing.org/oe/abstract.cfm?uri=oe-11-22-2953},
    doi = {10.1364/OE.11.002953},
    issn = {1094-4087},
    keywords = {Lasers, Medical and biological imaging, Optical coherence tomography, tunable}
}

@article{Wojtkowski2002FullImagingb,
    title = {{Full range complex spectral optical coherence tomography technique in eye imaging}},
    year = {2002},
    journal = {Optics Letters},
    author = {Wojtkowski, M. and Kowalczyk, A. and Leitgeb, R. and Fercher, A. F.},
    number = {16},
    month = {8},
    pages = {1415},
    volume = {27},
    publisher = {Optical Society of America},
    url = {https://www.osapublishing.org/abstract.cfm?URI=ol-27-16-1415},
    doi = {10.1364/OL.27.001415},
    issn = {0146-9592},
    keywords = {ABCD transforms, Holographic interferometry, Imaging systems, Medical and biological imaging, Ophthalmology, Optical coherence tomography}
}

@article{Ahsen2014CorrectionAngiographyb,
    title = {{Correction of rotational distortion for catheter-based en face OCT and OCT angiography}},
    year = {2014},
    journal = {Optics Letters},
    author = {Ahsen, Osman O. and Lee, Hsiang-Chieh and Giacomelli, Michael G. and Wang, Zhao and Liang, Kaicheng and Tsai, Tsung-Han and Potsaid, Benjamin and Mashimo, Hiroshi and Fujimoto, James G.},
    number = {20},
    month = {10},
    pages = {5973},
    volume = {39},
    publisher = {Optical Society of America},
    url = {https://www.osapublishing.org/abstract.cfm?URI=ol-39-20-5973},
    doi = {10.1364/OL.39.005973},
    issn = {0146-9592},
    keywords = {Gastrointestinal, Medical and biological imaging, Optical coherence tomography, Three, dimensional image processing}
}

@article{Kimura1996DistortionTransducers,
    title = {{Distortion of intravascular ultrasound images because of nonuniform angular velocity of mechanical-type transducers}},
    year = {1996},
    journal = {American Heart Journal},
    author = {Kimura, Bruce J. and Bhargava, Valmik and Palinski, Wulf and Russo, Robert J. and DeMaria, Anthony N.},
    number = {2},
    month = {8},
    pages = {328--336},
    volume = {132},
    url = {http://linkinghub.elsevier.com/retrieve/pii/S0002870396904299},
    doi = {10.1016/S0002-8703(96)90429-9},
    issn = {00028703}
}

@article{Tsai2013UltrahighTechnologyb,
    title = {{Ultrahigh speed endoscopic optical coherence tomography using micromotor imaging catheter and VCSEL technology}},
    year = {2013},
    journal = {Biomedical Optics Express},
    author = {Tsai, Tsung-Han and Potsaid, Benjamin and Tao, Yuankai K. and Jayaraman, Vijaysekhar and Jiang, James and Heim, Peter J. S. and Kraus, Martin F. and Zhou, Chao and Hornegger, Joachim and Mashimo, Hiroshi and Cable, Alex E. and Fujimoto, James G.},
    number = {7},
    month = {7},
    pages = {1119},
    volume = {4},
    publisher = {Optical Society of America},
    url = {https://www.osapublishing.org/abstract.cfm?URI=boe-4-7-1119},
    doi = {10.1364/BOE.4.001119},
    issn = {2156-7085},
    keywords = {Endoscopic imaging, Fiber optics imaging, Gastrointestinal, Lasers, Medical and biological imaging, Medical optics instrumentation, Optical coherence tomography, Scanners, tunable}
}

@article{XiangLi2014IntegratedCharacterization,
    title = {{Integrated IVUS-OCT Imaging for Atherosclerotic Plaque Characterization}},
    year = {2014},
    journal = {IEEE Journal of Selected Topics in Quantum Electronics},
    author = {{Xiang Li} and {Jiawen Li} and Jing, Joe and {Teng Ma} and {Shanshan Liang} and {Jun Zhang} and Mohar, Dilbahar and Raney, Aidan and Mahon, Sari and Brenner, Matthew and Patel, Pranav and Shung, K. Kirk and {Qifa Zhou} and {Zhongping Chen}},
    number = {2},
    month = {3},
    pages = {196--203},
    volume = {20},
    url = {http://ieeexplore.ieee.org/document/6573330/},
    doi = {10.1109/JSTQE.2013.2274724},
    issn = {1077-260X}
}

@article{Sun2011OpticalApplications,
    title = {{Optical coherence elastography: current status and future applications}},
    year = {2011},
    journal = {Journal of Biomedical Optics},
    author = {Sun, Cuiru and Standish, Beau and Yang, Victor X. D.},
    number = {4},
    pages = {043001},
    volume = {16},
    publisher = {International Society for Optics and Photonics},
    url = {http://biomedicaloptics.spiedigitallibrary.org/article.aspx?doi=10.1117/1.3560294},
    doi = {10.1117/1.3560294},
    issn = {10833668},
    keywords = {Coherence (optics), Elastography, Tissues}
}

@article{Kuna1988EffectConfigurationb,
    title = {{Effect of Nasal Airway Positive Pressure on Upper Airway Size and Configuration}},
    year = {1988},
    journal = {American Review of Respiratory Disease},
    author = {Kuna, Samuel T. and Bedi, Deepak G. and Ryckman, Christopher},
    number = {4},
    month = {10},
    pages = {969--975},
    volume = {138},
    url = {http://www.ncbi.nlm.nih.gov/pubmed/3059886 http://www.atsjournals.org/doi/abs/10.1164/ajrccm/138.4.969},
    doi = {10.1164/ajrccm/138.4.969},
    issn = {0003-0805},
    pmid = {3059886}
}

@article{Keller1999ComparisonPatients.,
    title = {{Comparison of four methods for assessing airway sealing pressure with the laryngeal mask airway in adult patients.}},
    year = {1999},
    journal = {British Journal of Anaesthesia},
    author = {Keller, C. and Brimacombe, J. R. and Keller, K. and Morris, R.},
    number = {2},
    month = {2},
    pages = {286--287},
    volume = {82},
    publisher = {Oxford University Press},
    url = {https://academic.oup.com/bja/article-lookup/doi/10.1093/bja/82.2.286},
    doi = {10.1093/bja/82.2.286},
    issn = {0007-0912},
    keywords = {adult, airway device, airway pressure, airway structure, aneroid sphygmomanometer, auscultation, end tidal carbon dioxide concentration, laryngeal mask airways, manometry, mouth, neck, noise, paralysis, pressure-physical agent}
}

@article{Bollen2005HighISRCTN24242669,
    title = {{High frequency oscillatory ventilation compared with conventional mechanical ventilation in adult respiratory distress syndrome: a randomized controlled trial [ISRCTN24242669]}},
    year = {2005},
    journal = {Critical Care},
    author = {Bollen, Casper W and van Well, Gijs Th J and Sherry, Tony and Beale, Richard J and Shah, Sanjoy and Findlay, George and Monchi, Mehran and Chiche, Jean-Daniel and Weiler, Norbert and Uiterwaal, Cuno SPM and van Vught, Adrianus J},
    number = {4},
    pages = {R430},
    volume = {9},
    publisher = {BioMed Central},
    url = {http://ccforum.biomedcentral.com/articles/10.1186/cc3737},
    doi = {10.1186/cc3737},
    issn = {13648535},
    keywords = {Emergency Medicine, Intensive / Critical Care Medicine}
}

@article{Tipping1999ProbabilisticAnalysis,
    title = {{Probabilistic principal component analysis}},
    year = {1999},
    journal = {Journal of the Royal Statistical Society: Series B (Statistical Methodology)},
    author = {Tipping, Michael E. ME and Bishop, CM Chris M.},
    number = {3},
    pages = {611--622},
    volume = {61},
    keywords = {density estimation, em algorithm, for personal research use, gaussian mixtures, journal of the royal, maximum-likelihood, only, principal component analysis, probabilistic principal component analysis, probability model, published as, series, statistical society, this copy is supplied}
}

@article{Scholkopf1997KernelAnalysis,
    title = {{Kernel principal component analysis}},
    year = {1997},
    journal = {Artificial Neural Networks—ICANN},
    author = {Sch{\"{o}}lkopf, B and Smola, A and M{\"{u}}ller, KR},
    isbn = {3540636315},
    doi = {10.1109/IEMBS.2006.260357},
    issn = {1557-170X},
    pmid = {17946310},
    keywords = {Algorithms, Artificial Intelligence, Automated, Computer-Assisted, Humans, Image Interpretation, Information Storage and Retrieval, Models, Multivariate Analysis, Pattern Recognition, Principal Component Analysis, Software, Statistical, Time, Time Factors, Voice, Voice Disorders, Voice Disorders: diagnosis, Voice Disorders: pathology}
}

@article{Ma2011KernelGeneration,
    title = {{Kernel principal component analysis for stochastic input model generation}},
    year = {2011},
    journal = {Journal of Computational Physics},
    author = {Ma, Xiang and Zabaras, Nicholas},
    isbn = {00219991},
    doi = {10.1016/j.jcp.2011.05.037},
    issn = {00219991},
    keywords = {Data-driven models, Flow in random porous media, Kernel principal component analysis, Non-linear model reduction, Stochastic partial differential equations}
}

@article{Oberai2003SolutionMethod,
    title = {{Solution of inverse problems in elasticity imaging using the adjoint method}},
    year = {2003},
    journal = {Inverse Problems},
    author = {Oberai, A A and Gokhale, N H and Feij{\^{U}}o, G R},
    isbn = {0266-5611},
    keywords = {Adjoint Method, Inverse Problem, elasticity imaging, medical imaging, shear modulus}
}

@article{Goodfellow2014GenerativeNetworks,
    title = {{Generative Adversarial Networks}},
    year = {2014},
    author = {Goodfellow, Ian J. and Pouget-Abadie, Jean and Mirza, Mehdi and Xu, Bing and Warde-Farley, David and Ozair, Sherjil and Courville, Aaron and Bengio, Yoshua},
    month = {6},
    url = {http://arxiv.org/abs/1406.2661},
    arxivId = {1406.2661}
}

@article{Radford2015UnsupervisedNetworks,
    title = {{Unsupervised Representation Learning with Deep Convolutional Generative Adversarial Networks}},
    year = {2015},
    author = {Radford, Alec and Metz, Luke and Chintala, Soumith},
    month = {11},
    url = {http://arxiv.org/abs/1511.06434},
    arxivId = {1511.06434}
}

@article{Arjovsky2017WassersteinGAN,
    title = {{Wasserstein GAN}},
    year = {2017},
    author = {Arjovsky, Martin and Chintala, Soumith and Bottou, Léon},
    month = {1},
    url = {http://arxiv.org/abs/1701.07875},
    arxivId = {1701.07875}
}

@article{Goodfellow2014GenerativeNetworksb,
    title = {{Generative Adversarial Networks}},
    year = {2014},
    author = {Goodfellow, Ian J. and Pouget-Abadie, Jean and Mirza, Mehdi and Xu, Bing and Warde-Farley, David and Ozair, Sherjil and Courville, Aaron and Bengio, Yoshua},
    month = {6},
    url = {http://arxiv.org/abs/1406.2661},
    arxivId = {1406.2661}
}

@article{Radford2015UnsupervisedNetworksb,
    title = {{Unsupervised Representation Learning with Deep Convolutional Generative Adversarial Networks}},
    year = {2015},
    author = {Radford, Alec and Metz, Luke and Chintala, Soumith},
    month = {11},
    url = {http://arxiv.org/abs/1511.06434},
    arxivId = {1511.06434}
}

@article{Chen2016InfoGAN:Nets,
    title = {{InfoGAN: Interpretable Representation Learning by Information Maximizing Generative Adversarial Nets}},
    year = {2016},
    author = {Chen, Xi and Duan, Yan and Houthooft, Rein and Schulman, John and Sutskever, Ilya and Abbeel, Pieter},
    month = {6},
    url = {http://arxiv.org/abs/1606.03657},
    arxivId = {1606.03657}
}

@article{Zhao2016Energy-basedNetwork,
    title = {{Energy-based Generative Adversarial Network}},
    year = {2016},
    author = {Zhao, Junbo and Mathieu, Michael and LeCun, Yann},
    month = {9},
    url = {http://arxiv.org/abs/1609.03126},
    arxivId = {1609.03126}
}

@article{Berthelot2017BEGAN:Networks,
    title = {{BEGAN: Boundary Equilibrium Generative Adversarial Networks}},
    year = {2017},
    author = {Berthelot, David and Schumm, Thomas and Metz, Luke},
    month = {3},
    url = {http://arxiv.org/abs/1703.10717},
    arxivId = {1703.10717}
}

@article{Dumoulin2016AdversariallyInference,
    title = {{Adversarially Learned Inference}},
    year = {2016},
    author = {Dumoulin, Vincent and Belghazi, Ishmael and Poole, Ben and Mastropietro, Olivier and Lamb, Alex and Arjovsky, Martin and Courville, Aaron},
    month = {6},
    url = {http://arxiv.org/abs/1606.00704},
    arxivId = {1606.00704}
}

@article{Tipping1999ProbabilisticAnalysisb,
    title = {{Probabilistic principal component analysis}},
    year = {1999},
    journal = {{\ldots} of the Royal Statistical Society: Series {\ldots}},
    author = {Tipping, Michael E. ME and Bishop, CM Chris M.},
    keywords = {density estimation, em algorithm, for personal research use, gaussian mixtures, journal of the royal, maximum-likelihood, only, principal component analysis, probabilistic principal component analysis, probability model, published as, series, statistical society, this copy is supplied}
}